[gd_scene load_steps=8 format=2]

[ext_resource path="res://Assets/Fonts/label.tres" type="DynamicFont" id=1]
[ext_resource path="res://Assets/Fonts/life.tres" type="DynamicFont" id=2]
[ext_resource path="res://Scenes/Retry.gd" type="Script" id=3]
[ext_resource path="res://Scenes/Score Counter.tscn" type="PackedScene" id=4]
[ext_resource path="res://Assets/Sounds/dead.wav" type="AudioStream" id=5]
[ext_resource path="res://Scenes/HighScore.gd" type="Script" id=6]
[ext_resource path="res://Scenes/gameOver.gd" type="Script" id=7]

[node name="Game Over" type="ColorRect"]
anchor_right = 1.0
anchor_bottom = 1.0
color = Color( 0, 0, 0, 1 )
script = ExtResource( 7 )
__meta__ = {
"_edit_use_anchors_": false
}

[node name="Game Over" type="Label" parent="."]
margin_left = 230.0
margin_top = 100.0
margin_right = 779.0
margin_bottom = 222.0
custom_fonts/font = ExtResource( 1 )
text = "Game Over"

[node name="retry" type="LinkButton" parent="."]
margin_left = 416.402
margin_top = 438.173
margin_right = 641.402
margin_bottom = 560.173
custom_fonts/font = ExtResource( 2 )
custom_colors/font_color = Color( 0.0156863, 0.0235294, 0.756863, 1 )
text = "retry"
underline = 1
script = ExtResource( 3 )
__meta__ = {
"_edit_use_anchors_": false
}
scene_to_load = "MainMenu"

[node name="scoreCounter" parent="." instance=ExtResource( 4 )]
margin_left = 330.0
margin_top = 350.0
margin_right = 330.0
margin_bottom = 402.0

[node name="HighScore" type="Label" parent="."]
margin_left = 240.448
margin_top = 250.0
margin_right = 405.448
margin_bottom = 307.0
custom_fonts/font = ExtResource( 2 )
script = ExtResource( 6 )
__meta__ = {
"_edit_use_anchors_": false
}

[node name="dead" type="AudioStreamPlayer" parent="."]
stream = ExtResource( 5 )
autoplay = true
[connection signal="pressed" from="retry" to="retry" method="_on_LinkButton_pressed"]
